

@inproceedings{Clouston13CSL,
  author    = {Ranald Clouston and
               Jeremy E. Dawson and
               Rajeev Gor{\'e} and
               Alwen Tiu},
  title     = {Annotation-Free Sequent Calculi for Full Intuitionistic
               Linear Logic},
  booktitle = {CSL},
  year      = {2013},
  volume    = {23},
  publisher = {Schloss Dagstuhl - Leibniz-Zentrum fuer Informatik},
  series    = {LIPIcs},
  pages     = {197-214},
  ee        = {http://dx.doi.org/10.4230/LIPIcs.CSL.2013.197},
  bibsource = {DBLP, http://dblp.uni-trier.de}
}

@inproceedings{Dawson14TCS,
  author    = {Jeremy E. Dawson and
               Ranald Clouston and 
               Rajeev Gor{\'e} and
               Alwen Tiu},
  title     = {From Categorical Semantics to Display Calculi to Deep Nested
  Sequent Calculi: Formalised for Full Intuitionistic Linear Logic}
  booktitle = {TCS},
  year      = {2014},
  volume    = {8705},
  publisher = {Springer},
  series    = {LNCS},
  pages     = {250-264}
}

